<?xml version="1.0" encoding="UTF-8"?><collection xmlns="http://www.loc.gov/MARC21/slim"><record><leader>00516nam--2200181-i-4500</leader><controlfield tag="001">000024602</controlfield><controlfield tag="002">20161230</controlfield><controlfield tag="005">20161230201035</controlfield><controlfield tag="008">060222s1000------------r-----000-0-ger-d</controlfield><datafield ind1=" " ind2=" " tag="040"><subfield code="a">IFIN-HH</subfield></datafield><datafield ind1=" " ind2=" " tag="041"><subfield code="a">ger</subfield></datafield><datafield ind1=" " ind2=" " tag="080"><subfield code="a">53:1</subfield></datafield><datafield ind1="1" ind2=" " tag="100"><subfield code="a">Mittelstaedt, Peter</subfield></datafield><datafield ind1="1" ind2="0" tag="245"><subfield code="a">B.i. hochschultaschenbucher. band 50/50a: philosophische probleme der modernen physik</subfield><subfield code="c">Peter mittelstaedt</subfield></datafield><datafield ind1=" " ind2=" " tag="260"><subfield code="a">Mannheim</subfield><subfield code="b">Bibliographisches Institut</subfield><subfield code="c">1966</subfield></datafield><datafield ind1=" " ind2=" " tag="300"><subfield code="a">208P</subfield></datafield><datafield ind1=" " ind2=" " tag="852"><subfield code="a">76515</subfield><subfield code="c">53</subfield></datafield><datafield ind1=" " ind2=" " tag="CAT"><subfield code="a">Sys</subfield><subfield code="c">20150813</subfield><subfield code="h">133456</subfield></datafield></record></collection>